<?xml version="1.0" encoding="UTF-8"?><collection xmlns="http://www.loc.gov/MARC21/slim"><record><leader>00537nam--2200193-u-4500</leader><controlfield tag="001">000052669</controlfield><controlfield tag="002">20161230</controlfield><controlfield tag="005">20161230201050</controlfield><controlfield tag="008">101002s1000------------r-----000-0-rus-d</controlfield><datafield ind1=" " ind2=" " tag="040"><subfield code="a">IFIN-HH</subfield></datafield><datafield ind1=" " ind2=" " tag="041"><subfield code="a">rus</subfield></datafield><datafield ind1=" " ind2=" " tag="080"><subfield code="a">533.9</subfield></datafield><datafield ind1="1" ind2=" " tag="110"><subfield code="a">Akademiia nauk ukrainskoi SSR</subfield></datafield><datafield ind1="1" ind2="0" tag="245"><subfield code="a">Vzaimodeistvie pucikov zariajennih ceastit s plazmoi</subfield></datafield><datafield ind1=" " ind2=" " tag="260"><subfield code="a">Kiev</subfield><subfield code="b">Nauka Dumka</subfield><subfield code="c">1965</subfield></datafield><datafield ind1=" " ind2=" " tag="300"><subfield code="a">274 p</subfield></datafield><datafield ind1=" " ind2=" " tag="490"><subfield code="a">Fizika plazmi i problemi upravliaemogo termoiadernogo sinteza</subfield></datafield><datafield ind1=" " ind2=" " tag="852"><subfield code="a">76287</subfield><subfield code="c">533.9</subfield></datafield><datafield ind1=" " ind2=" " tag="CAT"><subfield code="a">Sys</subfield><subfield code="c">20101002</subfield><subfield code="h">125553</subfield></datafield></record></collection>